@article{berg2019ilastik,
  title={Ilastik: interactive machine learning for (bio) image analysis},
  author={Berg, Stuart and Kutra, Dominik and Kroeger, Thorben and Straehle, Christoph N and Kausler, Bernhard X and Haubold, Carsten and Schiegg, Martin and Ales, Janez and Beier, Thorsten and Rudy, Markus and others},
  journal={Nature Methods},
  volume={16},
  number={12},
  pages={1226--1232},
  year={2019},
  publisher={Nature Publishing Group}
}

@article{stringer2021cellpose,
  title={Cellpose: a generalist algorithm for cellular segmentation},
  author={Stringer, Carsen and Wang, Tim and Michaelos, Michalis and Pachitariu, Marius},
  journal={Nature methods},
  volume={18},
  number={1},
  pages={100--106},
  year={2021},
  publisher={Nature Publishing Group}
}

@article{fazeli2020automated,
  title={Automated cell tracking using StarDist and TrackMate},
  author={Fazeli, Elnaz and Roy, Nathan H and Follain, Gautier and Laine, Romain F and von Chamier, Lucas and H{\"a}nninen, Pekka E and Eriksson, John E and Tinevez, Jean-Yves and Jacquemet, Guillaume},
  journal={F1000Research},
  volume={9},
  year={2020},
  publisher={Faculty of 1000 Ltd}
}

@article{gomez2021deepimagej,
  title={DeepImageJ: A user-friendly environment to run deep learning models in ImageJ},
  author={G{\'o}mez-de-Mariscal, Estibaliz and Garc{\'\i}a-L{\'o}pez-de-Haro, Carlos and Ouyang, Wei and Donati, Laur{\`e}ne and Lundberg, Emma and Unser, Michael and Mu{\~n}oz-Barrutia, Arrate and Sage, Daniel},
  journal={Nature Methods},
  volume={18},
  number={10},
  pages={1192--1195},
  year={2021},
  publisher={Nature Publishing Group}
}

@article{perkel2021python,
  title={Python power-up: new image tool visualizes complex data},
  author={Perkel, Jeffrey M and others},
  journal={Nature},
  volume={600},
  number={7888},
  pages={347--348},
  year={2021},
  publisher={Nature}
}

@article{schindelin2012fiji,
  title={Fiji: an open-source platform for biological-image analysis},
  author={Schindelin, Johannes and Arganda-Carreras, Ignacio and Frise, Erwin and Kaynig, Verena and Longair, Mark and Pietzsch, Tobias and Preibisch, Stephan and Rueden, Curtis and Saalfeld, Stephan and Schmid, Benjamin and others},
  journal={Nature methods},
  volume={9},
  number={7},
  pages={676--682},
  year={2012},
  publisher={Nature Publishing Group}
}

@article{paszke2019pytorch,
  title={Pytorch: An imperative style, high-performance deep learning library},
  author={Paszke, Adam and Gross, Sam and Massa, Francisco and Lerer, Adam and Bradbury, James and Chanan, Gregory and Killeen, Trevor and Lin, Zeming and Gimelshein, Natalia and Antiga, Luca and others},
  journal={Advances in neural information processing systems},
  volume={32},
  year={2019}
}
